@online{online_vs_offline_communication,
    author = "Lieberman A, Schroeder J.",
    title = "Two social lives: How differences between online and offline interaction influence social outcomes.",
    url = "https://doi.org/10.1016/j.copsyc.2019.06.022",
    addendum = "[Accesat 09.06.2022]"
}

@online{popularity_of_js,
    author = "Eric Elliott",
    title = "How Popular is JavaScript in 2019?",
    url = "https://medium.com/javascript-scene/how-popular-is-javascript-in-2019-823712f7c4b1",
    addendum = "[Accesat 09.06.2022]"
}

@online{history_of_js,
    author = "Oleg Uryutin",
    title = "A brief history of web app",
    url = "https://oleg-uryutin.medium.com/a-brief-history-of-web-app-50d188f30d",
    addendum = "[Accesat 09.06.2022]"
}

@online{brandan_eich_js,
    author = "Conferință de presă. (1995)",
    title = "Netscape and Sun announce JavaScript.",
    url = "https://web.archive.org/web/20070916144913/https://wp.netscape.com/newsref/pr/newsrelease67.html",
    addendum = "[Accesat 09.06.2022]"
}

@online{DRY_book,
    author = "Andy Hunt and Dave Thomas",
    title = "The pragmatic programmer : From Journeyman to Master",
    year = 1999,
    %url = "https://archive.org/details/isbn_9780201616224/page/320/mode/2up",
    addendum = "pagina 46"
}

@online{JSON_what_is,
    title = "JSON official website",
    url = "https://www.json.org/json-en.html",
    addendum = "[Accesat 09.06.2022]"
}

@online{MVC_what_is,
    title = "What Are The Benefits of MVC?",
    author = "Ian Davis",
    url = "https://blog.iandavis.com/2008/12/what-are-the-benefits-of-mvc/",
    addendum = "[Accesat 09.06.2022]"
}

@online{js_stackoverflow,
    title = "2021 Developer Survey",
    author = "Stack Overflow",
    url = "https://insights.stackoverflow.com/survey/2021#most-popular-technologies-language",
    addendum = "[Accesat 09.06.2022]",
}

@online{number_of_js_libraries,
    title = "So long, and thanks for all the packages!",
    author = "Nassri Ahmad",
    url = "https://blog.npmjs.org/post/615388323067854848/so-long-and-thanks-for-all-the-packages",
    addendum = "[Accesat 09.06.2022]",
}

@online{react_webpage,
    title = "Pagina oficială React",
    url = "https://reactjs.org/",
    addendum = "[Accesat 09.06.2022]"
}

@online{popularity_of_react,
    title = "State of JavaScript",
    url = "https://2021.stateofjs.com/en-US/libraries/front-end-frameworks",
    addendum = "[Accesat 10.06.2022]",
}

@online{what_is_npm,
    title = "What is npm?",
    author = "OpenJS Foundation",
    url = "https://nodejs.org/en/knowledge/getting-started/npm/what-is-npm/",
    addendum = "[Accesat 10.06.2022]",
}

@online{what_is_promise,
    author = "Mozilla Corporation",
    title = "Documentation for JavaScript Promise",
    url = "https://developer.mozilla.org/en-US/docs/Web/JavaScript/Reference/Global_Objects/Promise",
    addendum = "[Accesat 10.06.2022]",
}

@online{http_codes,
    author = "Mozilla Corporation",
    title = "HTTP response status codes",
    url = "https://developer.mozilla.org/en-US/docs/Web/HTTP/Status",
    addendum = "[Accesat 10.06.2022]",
}

@online{axios_docs,
    title = "Documentație oficială Axios",
    url = "https://axios-http.com/docs/intro",
    addendum = "[Accesat 10.06.2022]",
}

@online{redux_docs,
    title = "Documentație oficială Redux",
    url = "https://redux.js.org/introduction/getting-started",
    addendum = "[Accesat 10.06.2022]",
}


@online{chakra_github,
    title = "Pagina oficială Chakra UI pe GitHub",
    url = "https://github.com/chakra-ui/chakra-ui",
    addendum = "[Accesat 10.06.2022]",
}

@online{flexbox,
    title = "CSS Flexbox",
    url = "https://www.w3schools.com/css/css3_flexbox.asp",
    addendum = "[Accesat 10.06.2022]",
}

@online{popularity_of_python,
    title = "GitHut 2.0",
    url = "https://madnight.github.io/githut/#/pull_requests/2021/4",
    addendum = "[Accesat 10.06.2022]",
}

@online{what_is_rest,
    author = "Amazon Web Services Inc.",
    title = "What is an API?",
    url = "https://aws.amazon.com/what-is/api/",
    addendum = "[Accesat 10.06.2022]",
}

@online{what_is_viewset,
    title = "Official ViewSets documentation",
    url = "https://www.django-rest-framework.org/api-guide/viewsets/",
    addendum = "[Accesat 11.06.2022]",
}

@online{what_is_jwt,
    author = "Auth0 Inc.",
    title = "Introduction to JSON Web Tokens",
    url = "https://jwt.io/introduction",
    addendum = "[Accesat 11.06.2022]",
}

@online{what_is_mysql,
    author = "Oracle",
    title = "Manualul de referință oficial pentru MySQL - What is MySQL?",
    url = "https://dev.mysql.com/doc/refman/8.0/en/what-is-mysql.html",
    addendum = "[Accesat 11.06.2022]",
}

@online{what_is_smtp,
    author = "Warren Duff",
    title = "What Is an SMTP Server?",
    url = "https://sendgrid.com/blog/what-is-an-smtp-server/",
    addendum = "[Accesat 12.06.2022]",
}

@online{what_is_pyjwt,
    title = "Documentație oficială PyJWT",
    url = "https://pyjwt.readthedocs.io/en/stable/",
    addendum = "[Accesat 12.06.2022]",
}

@online{what_is_hashing,
    author = "N-able",
    title = "SHA-256 Algorithm Overview",
    url = "https://www.n-able.com/blog/sha-256-encryption",
    addendum = "[Accesat 12.06.2022]",
}

@online{how_secure_sha,
    author = "3Blue1Brown",
    title = "How secure is 256 bit security?",
    url = "https://www.3blue1brown.com/lessons/256-bit-security",
    addendum = "[Accesat 12.06.2022]",
}

https://blog.boot.dev/cryptography/how-sha-2-works-step-by-step-sha-256/